1384 2377
284 22 442 66 -106-

89 138 170 180 titionis
184 139 323 192 probabilitate
338 139 470 193 acquiescere,
485 136 531 181 cum
541 139 654 194 persuasum

87 208 123 250 sibi
132 208 215 256 hebeat,
238 224 283 251 eam
293 223 424 251 communem
435 207 474 249 effe
484 210 578 253 omnium
588 211 655 252 omni-

88 292 115 318 no
124 280 257 331 interpretum
264 279 351 326 sortem,
370 284 402 325 ut,
418 281 465 331 quid
475 281 547 335 quovis
559 280 605 321 Ioco
612 292 669 334 pros

88 342 141 388 cirta
154 350 202 388 dent
215 361 238 387 ac
251 346 356 395 definiant,
375 347 410 402 ipsi
423 362 464 388 non
474 349 566 391 habeant.
597 348 654 392 Dura

88 417 133 457 sane
142 423 162 457 et
171 416 254 464 molesta
264 418 336 466 oratio,
354 429 405 470 qnae
414 415 501 471 tiaeque
511 433 557 458 vern
567 418 615 459 effer
624 422 653 459 at·

88 498 127 539 que
135 486 222 527 insolens
233 486 272 534 est,
290 499 332 527 non
341 485 405 540 poffet
413 482 455 527 non
469 487 580 530 universam
591 487 653 528 inter-

87 558 223 609 pretumzvim
241 557 318 597 summo
333 558 411 611 pudore
427 556 518 605 afficere,
539 568 653 610 eorumque

87 632 149 666 artem
173 627 194 667 in
212 627 337 679 ignominiae
346 630 371 675 ‚et
388 625 532 668 contemtionis
547 627 652 670 discrimen

87 698 193 737 adducere.
232 694 272 736 Sed
286 695 423 742 bonaverba,
443 693 531 749 quaeso!
554 694 600 736 Non
617 693 652 743 est,

87 767 140 817 quod
149 764 270 806 consternati
277 764 398 818 interpretes
407 765 496 805 animum
501 764 652 818 despondeant;

86 848 133 876 narn
145 835 213 887 utique
222 831 301 888 possunt
309 833 347 875 arti
357 831 403 874 suae
415 834 517 876 considere
526 841 547 874 et
556 835 581 874 de
590 835 651 874 inter·

85 900 221 959 pretationunr
235 905 316 944 suornm
330 903 414 945 veritate
422 904 472 954 certi
484 902 533 950 esse,
550 902 612 945 modo
624 914 651 941 ne

85 959 244 1026 Prnzeninffrri
268 972 355 1025 vestigiis
379 971 533 1025 ingrediantur,
552 972 584 1012 sed
603 984 651 1013 cum

85 1042 215 1097 grammatica
225 1041 391 1096 interpretatione
399 1036 514 1096 historicam
524 1039 651 1094 coniungere

85 1113 155 1159 stiunt,
174 1114 201 1152 ita
211 1112 308 1167 quidem,¹
324 1118 346 1151 ut
357 1121 398 1148 non
409 1110 484 1156 sotum,
500 1112 548 1164 quid
558 1109 650 1164 fingutre

84 1181 178 1234 loquendi
188 1179 287 1220 formulae
294 1193 333 1232 per
338 1176 372 1233 se,
388 1179 420 1220 sed
431 1180 478 1231 quid
492 1193 517 1219 eo
527 1181 649 1221 nominatim

84 1262 186 1305 tempore,
207 1259 248 1301 quo
263 1247 350 1303 quisque
363 1247 413 1288 liber
424 1246 554 1302 consignatus
570 1250 608 1298 est,
628 1253 650 1289 et

83 1319 137 1360 inter
149 1319 194 1359 iilos
208 1318 327 1359 nominatim
341 1317 447 1365 nomines,
466 1320 492 1360 ad
505 1330 556 1371 quos
569 1317 649 1373 scriptio

82 1388 175 1442 proxime
191 1387 301 1441 pertinuit,
326 1384 438 1440 significare
450 1388 551 1443 potuerint
566 1394 587 1427 et
600 1400 649 1427 vere

83 1456 243 1511 significaverint,
259 1462 360 1509 quaerant,
371 1456 431 1508 idque
440 1456 504 1511 ipsum
512 1470 553 1499 non
562 1457 649 1506 aliunde,

83 1524 119 1566 nisi
131 1541 156 1567 ex
170 1526 241 1567 aetatis
251 1524 305 1566 iiiios
318 1524 419 1572 dialecto,
441 1525 532 1572 historia,
550 1525 649 1574 moritur,

83 1595 176 1638 institutis
192 1603 253 1647 atque
265 1594 395 1648 opinionibus
405 1595 505 1637 illustrent
513 1608 536 1634 ac
545 1594 647 1636 definiant.
687 1636 689 1645 A

84 1664 139 1722 Quid
152 1664 207 1704 enim
220 1666 240 1705 in
255 1663 338 1704 dubium
352 1663 418 1705 adhuc
437 1666 508 1705 venire
526 1672 547 1706 et
564 1667 646 1719 plenam

83 1731 296 1787 animi-persuasionem
306 1734 331 1773 de
339 1733 513 1787 interpretationis
522 1736 607 1776 veritate
615 1748 647 1776 re·

82 1806 160 1845 tardare
171 1801 242 1856 possit,
261 1803 296 1843 ubi
311 1818 336 1844 en
348 1800 443 1858 sristorr'cu
455 1802 493 1843 hac
501 1803 646 1857 interpretandi

81 1876 159 1917 ratione
168 1873 269 1925 scriptoris
281 1872 377 1914 sententia
386 1871 490 1914 constituta
500 1872 570 1920 fuerit,
592 1874 646 1927 eqni·

83 1946 128 1986 dem
137 1956 193 1986 certe
202 1942 252 1984 adeo
260 1955 303 1983 non
311 1941 411 1996 inteiligo‚
427 1951 449 1984 ut
456 1942 525 1996 potius
535 1945 585 1986 haec
595 1944 645 1984 mihi

82 2017 113 2058 via
126 2016 183 2056 unico
197 2010 236 2053 esse
246 2012 347 2060 videatur,
363 2023 402 2063 qua
411 2018 433 2051 et
442 2013 533 2054 universe
542 2015 645 2066 genuinus

81 2081 289 2135 veterumnuttprum
300 2082 366 2124 sensus
377 2080 461 2134 singolis
469 2083 520 2123 locis
530 2089 583 2123 recte
592 2082 645 2131 elici,

81 2162 102 2202 et
109 2153 201 2211 inprimis
210 2152 282 2206 etiam,
296 2152 344 2206 quid
354 2151 441 2195 formula
449 2152 527 2195 nostra:
541 2151 645 2200 ἦβασὶλειᾱ
