1384 2377
89 152 153 194 ‚tione
166 156 188 193 et
199 163 319 201 communes
332 150 503 209 interpretationis
512 152 571 204 leges
578 152 659 201 servari,

98 228 119 262 et
133 234 204 263 verum
216 232 277 276 atque
291 210 402 278 genuinum
421 213 541 275 scriptorum
558 222 659 265 sacrorum

98 290 174 333 sensum
187 293 214 333 ita
228 295 283 341 erui,
299 299 335 339 ut,
349 288 447 344 quidquid
456 291 517 333 serior
525 296 581 333 aetas
590 290 659 333 auito·

98 372 144 401 rum
153 360 221 402 verbis
230 360 398 410 tatso'affinxerit,
413 360 546 405 excludatur,
560 358 617 401 rette
625 361 660 402 ob·

38 430 45 437 ”
97 429 197 471 servatum
213 430 247 479 est.
276 429 335 474 Cum
348 443 397 471 vero
409 430 513 474 literarum
525 428 623 472 sacrarum
636 443 661 471 ea

99 496 217 547 dinatum,
236 508 275 550 ut,
298 499 390 559 quamvis
406 499 453 544 suae
460 498 531 542 aetatis
544 498 661 541 hominibus

47 608 48 612 ,
98 572 119 607 et
131 570 283 611 accommodate
297 571 323 612 ad¹
334 576 451 623 ternporom
460 568 540 612 illorum
553 568 661 623 ingenium

98 636 180 691 scriptae
195 637 243 687 siut,
267 636 378 680 dotiriuam
388 640 594 689 tameucontineant,
608 649 661 692 quae

98 707 123 747 ad
132 720 170 749 nos
179 720 261 763 quoque
270 714 290 750 et
299 709 324 751 ad
333 721 406 749 ornnes
416 707 562 764 insequentium
571 715 661 750 aetatum

97 776 193 818 homines
213 778 310 829 pertinet,
333 775 393 818 facile
412 775 545 830 intelligitur,
563 790 660 833 perquam

45 844 52 850 ”
98 847 208 887 commode
221 845 299 888 liberali
310 847 384 887 horum
396 845 515 900 scriptorum
525 847 631 900 interpreti
640 847 661 888 id

97 916 201 968 peculiare
209 914 321 969 iniuniium
337 914 376 956 esse
389 929 475 962 munus,
495 924 517 956 ut
526 917 579 957 inter
588 916 661 958 verita·

98 989 142 1026 lem
155 983 244 1025 absolute
259 985 381 1043 declaratam
396 992 418 1027 et
430 984 483 1026 inter
499 981 606 1026 veritatem
622 997 660 1039 pro

99 1062 159 1106 captu
171 1060 192 1094 et
209 1053 324 1096 necessitate
338 1058 454 1108 temporum
466 1041 605 1104 adumbratam
621 1055 661 1096 rite

97 1121 216 1175 distinguat,
234 1131 294 1175 atque
307 1124 346 1173 ita,
367 1136 420 1179 quae
434 1122 525 1164 universe
535 1122 630 1171 valeant,
650 1138 662 1165 a

96 1192 184 1233 decretis
197 1192 326 1246 temporariis
342 1198 364 1234 et
375 1190 484 1237 localibus,
499 1203 551 1245 quae
560 1193 661 1241 dicuntur,

97 1275 124 1302 ex
132 1268 235 1303 certarum
247 1262 319 1315 legum
328 1261 363 1303 usu
372 1268 392 1303 et
400 1259 519 1303 auctoritate
528 1262 591 1314 probe
599 1260 661 1303 seiun-

96 1328 185 1383 gar14).
197 1362 199 1364 .
216 1329 310 1386 Namque
319 1331 346 1372 ita
353 1330 449 1378 demum,
467 1336 489 1371 et
497 1331 546 1384 quid
556 1329 603 1370 sacri
616 1330 660 1371 sori·

96 1403 166 1455 ptores
180 1411 228 1439 vere
247 1398 364 1446 docuerint,
380 1406 401 1453 et
413 1403 511 1453 quatenus
527 1411 599 1441 eorum
608 1397 661 1456 insti-

97 1470 148 1511 tutio
156 1468 181 1509 ad
189 1482 228 1511 nos
237 1468 344 1523 pertineat,
358 1467 414 1510 reite
423 1466 548 1510 iudicabitur.
627 1459 629 1463 ’

143 1661 261 1698 sanctivit
279 1666 360 1708 inprimis
378 1674 388 1697 a
405 1661 424 1696 C.
442 1660 661 1699 oratiotionem

142 1723 180 1756 nita
192 1722 216 1756 est
228 1728 246 1755 et
258 1721 380 1755 commendata
392 1724 410 1756 in
425 1721 489 1755 dissert.
507 1721 528 1754 de
540 1720 624 1761 historica
637 1721 661 1754 ri·

143 1779 217 1813 brorum
225 1775 321 1821 sacrorum
338 1771 488 1823 interpretatione
505 1780 575 1822 eiusque
596 1778 661 1821 rreceffi·

143 1842 187 1872 tare.
204 1836 284 1881 Ltpfiae:
295 1841 351 1879 1788.
368 1845 384 1881 4.
398 1845 452 1879 quarn
464 1836 559 1870 vernaculo
571 1836 609 1870 stilo
621 1834 660 1870 red·

141 1893 186 1928 didit
198 1893 218 1928 C.
231 1893 255 1929 A.
267 1892 363 1928 Hunrar..
375 1893 444 1938 Lipsiae
458 1901 508 1938 1793.
521 1899 539 1932 8.

120 2008 153 2055 14)
166 2008 194 2044 Cf.
207 2007 243 2044 Ta.
256 2009 278 2044 A.
291 2007 426 2044 Surrentum
440 2004 541 2044 comment.
553 2009 575 2042 de
587 2008 629 2043 racis
637 2006 662 2043 N.

143 2069 162 2103 J.
179 2068 297 2102 coarctantibus
313 2069 350 2102 rite
366 2067 493 2108 constituendis.
510 2066 557 2110 Lips.
575 2070 627 2110 1789.
643 2074 661 2108 4.

141 2124 286 2161 Ericinium
303 2124 390 2167 Praefut,
406 2125 431 2157 ad
443 2126 566 2169 conprendium
581 2122 661 2167 Ttaotog,

88 2189 89 2192 ’
143 2183 208 2224 Christ.
221 2183 295 2218 crearat.
308 2182 373 2218 Kiliae.
386 2189 438 2227 1791.
451 2187 468 2221 8.
495 2181 592 2217 Eivsunn
607 2180 661 2215 Titane
