1384 2377
241 44 456 100 ,we-

90 157 162 202 leuiter
175 147 339 210 perstrinximus,
363 155 433 210 gentis
450 153 575 197 Christianae
588 156 613 196 ad
622 167 655 195 ve.

89 239 133 272 ram
151 225 273 278 religionem
291 225 424 267 instituendae
439 226 540 267 rationem
559 224 655 277 sequitur,

89 294 217 349 aliquid'tase
227 296 318 336 accidere
326 293 403 348 potest,
418 300 441 346 ut
449 293 504 335 iliam
512 294 617 335 admittere
626 300 655 334 at·

90 374 131 418 que
139 362 234 418 <usurpare
243 369 335 417 cogatur.

148 502 279 559 Quapropter
292 516 363 545 verum
376 504 446 557 utique
459 508 540 553 manet,
558 501 612 556 quod
620 495 654 542 an·

88 579 124 615 tea
145 571 213 628 posui,
237 571 333 614 nimirum
352 572 377 612 ud
397 573 530 627 obtinendum
549 574 580 621 id,
599 572 654 625 quod

89 641 209 685 Knurms
230 641 327 688 voluerit,
342 655 384 683 non
403 641 466 683 solum
485 654 527 682 non
542 654 594 694 opus
613 640 654 681 effe

88 712 163 753 morali
176 711 217 753 five
228 710 320 765 pruiir'cu
333 710 432 753 sacrarum
443 711 547 753 literarum
555 699 653 762 interpre-

87 781 179 828 tatione,
201 780 234 822 sed
248 781 360 834 planiorem
376 781 438 822 etiam
451 786 473 821 et
480 781 547 821 minus
557 779 654 819 lubricam

88 850 160 897 viam„
172 860 225 902 quae
240 851 315 892 certius
333 863 357 891 ac
371 850 435 891 tutius
451 849 476 891 ad
489 851 576 891 eundem
589 846 653 889 finem

87 918 206 972 perducat,¹
219 926 295 973 patere.
327 917 390 967 Quod
402 915 417 958 fi
430 921 456 960 nd
470 919 521 960 haec
535 917 654 960 iliud'nunc

87 987 184 1039 addatur,
202 984 227 1027 de
241 1000 282 1040 quo
295 987 358 1036 fusius
368 991 428 1029 antea·
437 987 556 1041 disputatum
566 986 605 1032 est,
619 997 651 1025 ne-

88 1067 129 1109 que
138 1069 175 1109 per
184 1057 259 1097 bonam
267 1057 382 1109 interpretis
390 1055 537 1102 fidemiicete,
556 1054 581 1095 ad
590 1053 653 1094 unn-

89 1137 127 1167 ΤΠ
136 1124 253 1178 exemplum
262 1131 283 1166 et
291 1126 417 1167 voluntatem
427 1125 523 1167 Codicem
533 1121 553 1165 S.
563 1121 654 1168 irritare,

47 1209 49 1211 ’
88 1205 165 1248 neque,
183 1193 281 1244 filiceat,
293 1193 345 1235 satis
353 1201 420 1248 aptam
430 1193 476 1237 sore
488 1195 542 1235 hunc
551 1192 653 1234 trattatio-
672 1199 673 1202 ’

86 1276 135 1309 nem
147 1262 275 1317 adsequendo
288 1262 379 1304 auuons
392 1264 421 1305 sui
438 1262 551 1319 proposito,
572 1274 619 1304 curn
629 1274 653 1300 ea

86 1345 129 1383 non
142 1328 201 1385 possit
215 1345 257 1371 non
270 1334 393 1374 contrarium
402 1335 458 1390 ‘adeo
465 1363 471 1382 ,
490 1347 551 1387 quam
564 1332 598 1384 qui
607 1343 653 1384 pro·

86 1402 130 1454 prie
138 1398 187 1448 {effe
196 1400 309 1447 debuerit,
332 1399 429 1442 effessum
441 1401 518 1454 saepius
528 1401 653 1454 producere;

86 1457 129 1515 iren
138 1480 222 1515 vereor,
236 1482 264 1509 ne
274 1471 319 1521 quis
328 1476 448 1523 propterea,
464 1469 517 1523 quod
528 1468 600 1511 summi
608 1467 652 1510 Phi·

86 1536 165 1590 losophi
184 1539 210 1578 de
224 1536 280 1583 libris
294 1539 353 1580 sacris
369 1539 526 1592 interpretandis
546 1536 653 1591 praeceptas

85 1607 171 1649 reticere
182 1614 243 1659 atque
251 1608 374 1661 impugnare
382 1607 440 1648 ausus
449 1607 529 1658 suerirn,
542 1605 653 1647 inconside-

85 1680 140 1715 ratae
159 1677 267 1716 cuiusdam
287 1674 328 1716 five
347 1677 467 1718 temeritatis
482 1674 522 1716 sive
537 1676 652 1730 cupiditatis

84 1757 143 1786 reum
151 1758 185 1786 me
193 1742 261 1785 faciat.
284 1745 359 1801 Neque
366 1747 427 1786 etiarn
436 1745 480 1786 talis
490 1745 586 1788 incusatio
595 1744 652 1787 reete

85 1814 107 1856 in
120 1827 155 1856 me
169 1815 347 1870 caderevidetur‚
370 1817 443 1870 quippe
457 1816 492 1867 qui
507 1816 585 1870 optime
602 1815 653 1858 mihi

86 1883 179 1925 conscius
201 1882 253 1933 fim,
276 1884 361 1940 partim,
384 1885 480 1937 quidquid
502 1877 611 1940 scripserim
631 1891 653 1927 et

85 1952 297 2000 iudicaveritn,i11ud
317 1954 351 1993 nie
370 1953 479 2008 diligenter
501 1961 571 2002 antea,
592 1966 652 2008 quarn

85 2021 150 2062 literis
169 2019 324 2075 consignarern‚
347 2029 453 2064 momento
471 2022 506 2065 suo
525 2023 653 2078 ponderasse,

85 2091 158 2151 purtim
171 2104 214 2131 non
227 2091 318 2140 aliunde,
342 2103 403 2145 quam
416 2107 442 2135 ex
454 2095 546 2147 ingenuo
561 2093 652 2136 veritatis

83 2160 234 2213 investigandae
249 2173 272 2202 ac
286 2162 415 2216 detegendae
428 2161 493 2205 studio
507 2177 570 2205 omne
580 2175 651 2206 meunt
