1384 2377
291 42 441 87 -82-.

90 156 203 209 primorum
217 153 319 197 lettorunr
336 153 464 201 conditione,
472 193 473 197 ,
482 152 539 199 resta
547 159 569 196 et
577 161 620 197 tum
630 156 656 195 ad

90 225 183 266 veritatis
194 223 254 277 leges
264 232 307 265 tum
317 225 340 265 ad
351 223 407 275 vulgi
418 230 498 277 captum
508 222 617 280 composta
626 224 656 264 iu·

89 280 207 340 stitutione,
226 279 306 346 publice
319 300 380 345 atque
394 294 419 334 de
437 292 533 334 industria
542 291 657 347 >praecipia-

89 368 129 420 tur.
160 359 202 403 Cur
216 364 271 404 euim
284 376 328 404 non
340 362 483 416 profiteamur,
507 363 562 414 quod
575 375 609 403 res
622 361 657 409 est,

90 432 202 489 scriptores*
211 433 306 473 nimirum
319 431 385 473 sacros
399 433 420 473 in
430 432 577 486 componendis
586 431 658 483 suisli-

90 500 133 549 bris
150 513 193 541 nou
208 502 285 551 nostras
299 502 331 543 sed
345 500 457 553 aequalium
471 499 552 551 suorum
567 502 658 556 rationes

90 571 173 625 proprie
182 569 258 611 curasse
266 576 287 610 et
295 583 367 611 curare
375 569 462 610 debuisse
467 558 479 616 ,i
491 569 584 624 ‘adeoque
594 570 659 610 multa

91 633 153 681 etiarn
168 637 300 693 praecepisse,
320 650 371 692 quae
385 651 396 677 a
409 638 478 679 nostro
492 640 529 680 usu
539 639 605 680 aliena
614 637 659 685 sint,

91 708 181 763 nihilque
190 708 215 749 ad
223 721 262 749 nos
267 705 401 763 pertineant?
417 705 458 760 Cur
467 706 614 750 diffimulemus
624 713 659 747 aut

91 790 199 834 negemus,
207 790 248 819 non
257 777 325 825 omnia
333 775 448 831 Scripturae
457 776 516 819 effata
525 789 566 818 uno
577 779 659 819 eodem-

92 860 131 903 que
141 860 227 889 numero
232 846 328 895 ,habenda
338 847 389 897 esse,
409 846 562 900 dosrrinamque
573 859 621 888 vere
631 847 660 887 di·

91 918 159 957 vinam
173 911 282 968 diligenter
294 915 388 969 distingui
400 917 476 958 debere
488 930 500 956 a
513 915 600 957 decretis
609 922 659 956 reor,

92 986 179 1039 porariis
189 999 213 1026 ac
222 985 330 1037 localibus,
346 992 367 1027 et
376 986 399 1026 ab
410 985 456 1026 aliis
466 984 614 1026 narrationibus
620 990 660 1042 (aut

92 1052 218 1109 praeceptis,
233 1060 320 1106 quorum
338 1068 366 1095 ne
388 1055 486 1095 minimus
509 1052 593 1105 quidem
613 1066 660 1094 cum

92 1124 133 1176 ipsa
145 1121 246 1173 religione
255 1134 322 1162 nexus
331 1120 474 1175 intelligatur?
487 1122 529 1163 Cur
539 1123 659 1175 potiusnon

92 1191 156 1233 libere
168 1190 208 1230 hoc
221 1189 357 1232 concedamus
369 1190 445 1244 ipsique
455 1190 605 1232 defendamus?
621 1190 659 1233 Ca-

93 1260 127 1300 det
135 1255 231 1318 quidemj
242 1259 279 1307 *ubi
289 1258 339 1300 haec
348 1261 460 1306 traduntur,
476 1259 548 1302 horror
556 1259 659 1314 ille-sacer,

93 1329 128 1382 qui
136 1335 178 1368 tam
191 1326 227 1366 diu
238 1333 321 1379 tamque
334 1329 465 1381 pertinaciter
479 1330 600 1371 venerandis
618 1329 659 1371 istis

93 1395 217 1451 antiquitatis
231 1395 370 1437 monumentis
383 1396 481 1444 adhaesit,
503 1404 524 1440 et
533 1410 573 1451 quo
582 1396 659 1441 fartum

93 1465 132 1512 esi,
156 1469 178 1505 ut
191 1463 225 1505 vel
237 1463 327 1518 singulae
341 1464 430 1520 syllabae
442 1474 463 1507 et
474 1467 577 1508 literarum
590 1469 659 1520 apices

92 1547 130 1590 pro
146 1532 243 1587 particula
256 1534 341 1588 quadam
354 1534 436 1577 divinae
454 1535 583 1577 institutionis
598 1536 660 1577 hube-

92 1609 174 1655 rentur,
189 1609 250 1654 atque
264 1602 380 1644 universum
388 1603 461 1646 horum
469 1604 568 1646 librorum
577 1610 659 1659 corpus

92 1679 189 1730 tanquam
206 1672 303 1713 volumen
320 1672 379 1713 coelo
395 1673 499 1727 delapsum
512 1680 532 1715 et
550 1673 659 1727 profundis

92 1743 176 1799 plenum
184 1741 295 1797 mysteriis,
310 1742 411 1785 coleretur
415 1754 422 1798 ;
435 1745 493 1784 cadet
505 1743 595 1787 sedulum
609 1740 659 1788 illud

93 1818 114 1853 et
123 1811 231 1863 curiosum,
243 1812 318 1866 ubique
327 1813 385 1854 locos
394 1826 513 1855 communes
523 1814 659 1870 exsculpandi‚
675 1824 677 1832 ‘

93 1881 192 1928 studium
209 1882 268 1924 cadet
282 1885 315 1935 (ut
323 1895 365 1924 uno
374 1882 437 1925 verbo
447 1883 517 1929 omnia
527 1885 659 1940 comprehen-

93 1952 155 2003 dam)
173 1949 219 2000 itia,
243 1964 303 2006 quam
316 1952 373 1996 reste
386 1959 408 1994 et
422 1952 532 2008 eleganter
539 1953 659 1997 bibliolatria

92 2021 155 2068 dixit,
170 2022 269 2075 cuiusque
279 2035 348 2065 veram
361 2022 472 2076 imaginem
480 2035 545 2077 nuper
554 2024 659 2065 adumbra

91 2090 268 2132 vit-Hsunrus.
279 2089 319 2143 56)
356 2091 428 2146 Neque
441 2101 510 2132 tamen
525 2092 603 2134 idcirco
616 2106 661 2134 me··

115 2193 147 2237 56)
159 2192 181 2227 ln
192 2193 280 2237 Praestat.
292 2195 313 2229 ad
327 2196 434 2230 lineamenta
443 2195 527 2235 iust'itutt.
536 2196 583 2237 fidoi
593 2195 657 2238 Christ.

134 2261 152 2295 p.
166 2258 195 2295 19.
208 2250 232 2296 sq.
