1384 2377
265 62 309 89 ,·-
339 51 380 83 100
411 61 441 71 *-

79 165 121 201 tem
131 160 228 214 gigneret
238 161 298 211 atque
306 156 398 204 foveret,
412 156 520 199 hominum
531 157 610 200 animos
618 159 648 199 in.

80 230 178 271 stitueret.
208 226 261 276 Quis
270 241 319 269 vero
331 228 383 269 haec
395 239 437 268 non
446 226 532 268 laudet?
551 229 596 283 quis
608 229 648 270 nu-

80 299 119 340 diis
134 298 166 339 his
181 303 203 338 et
217 298 322 339 conatibus
336 309 378 336 non
397 296 504 350 applaudet
524 295 647 351 faveatque?

82 368 127 422 quis
136 368 200 422 igitur
212 367 274 408 talem
283 364 354 408 Virum
365 377 406 405 non
424 368 493 418 magni
504 363 564 405 iaciat
576 379 600 406 ac
613 379 648 406 ve-

81 444 176 480 neretur,
190 434 205 477 fi
219 435 252 478 vel
261 434 348 488 fingula,'
360 447 412 490 quae
422 433 458 476 iste
467 436 649 483 commendaverit,

81 505 179 563 propositi
197 506 226 547 sui
241 503 364 556 exsequendi
382 503 503 546 adminicula
518 503 599 557 probari
614 517 649 545 ne·

83 577 175 631 queant?
190 573 231 616 Sed
240 573 291 615 haec
299 574 325 614 de
335 571 435 615 Kunnro
447 571 499 615 dito
508 571 612 615 sufficiunt.

142 709 324 761 Quemadmodum
341 723 390 751 nero
404 709 469 752 huius
481 711 553 752 summi
566 708 610 753 Viri
623 714 649 753 de

84 775 156 826 morali
167 782 265 823 librorum
278 781 379 822 sacrorum
388 781 557 834 interpretatione
565 782 650 822 monitis

86 860 148 907 atque
164 847 252 892 confinis
265 862 307 890 non
321 851 437 896 adsentior,
463 850 491 890 itn
504 849 568 891 multo
581 850 649 892 minus

85 923 167 964 laudare
183 919 261 976 possum
277 932 348 959 eorum
363 918 436 970 studia,
451 920 496 972 qui,
512 922 607 960 nuum
617 933 665 969 aus

86 991 181 1034 &oritate
192 986 247 1030 abufi
259 993 280 1028 et
293 987 376 1028 vellete
389 989 433 1029 eius
444 989 543 1030 rationem
556 990 577 1030 in
591 989 652 1030 inter-

86 1061 186 1116 pretando
200 1056 316 1110 exprimere
329 1055 425 1109 profeffi‚
448 1047 509 1098 licere
526 1055 560 1098 sibi
573 1063 651 1111 putant,

87 1130 207 1181 scriptorum
219 1126 334 1167 divinorum
349 1126 414 1167 verbis
424 1136 573 1179 quemcumque
583 1127 652 1172 aliurn,

87 1212 148 1254 quam
160 1197 194 1249 qui
209 1208 270 1237 verus
282 1193 318 1243 fit,
333 1186 410 1236 sensum
418 1195 514 1243 tribuere,
529 1194 587 1237 simul
595 1210 654 1245 vero,

88 1272 112 1310 ut
128 1264 198 1307 caulae
211 1262 257 1305 suae
270 1264 370 1317 quendum
386 1265 477 1305 colorem
489 1266 597 1314 inducant,
612 1277 652 1319 quo

87 1336 121 1378 vel
133 1332 218 1375 eruditis
227 1331 349 1382 lectoribus,
365 1331 379 1372 fi
388 1331 433 1374 Diis
443 1335 521 1386 placent
525 1363 530 1382 ,
545 1349 591 1377 eam
598 1349 653 1376 com-

89 1404 202 1449 mendent,
224 1400 348 1443 ratiunculas
362 1404 422 1442 etiam
434 1404 578 1458 undecumque
591 1405 653 1446 colle·

89 1473 132 1515 ttus
142 1470 331 1525 interpretationum
341 1471 419 1511 suarum
429 1473 522 1513 monstris
534 1475 654 1527 suggerunt.

89 1543 125 1585 ista
135 1543 189 1583 enim
198 1538 343 1590 interpretandi
352 1540 402 1580 ratio
411 1538 436 1594 (fi
444 1554 488 1581 euni
499 1541 538 1583 boc
545 1541 654 1597 'nequepo

89 1615 130 1654 tius
141 1608 251 1651 calumniae
259 1614 294 1648 aut
306 1615 362 1648 cene
374 1607 517 1651 ludificationis
528 1613 612 1653 nomine
621 1625 654 1667 up·

91 1679 160 1737 pellani
172 1679 205 1720 fas
221 1676 277 1727 est),
295 1687 336 1728 qno
348 1675 428 1718 facilius
441 1679 484 1719 solo
493 1680 585 1729 arbitrio,
599 1682 655 1736 quod

92 1761 166 1800 ornnes
183 1759 243 1788 verae
256 1746 428 1798 interpretationis
442 1747 501 1801 leges
515 1749 608 1791 funditus
616 1752 655 1792 tol-

91 1822 125 1867 lit,
140 1816 199 1859 inniti
208 1819 228 1855 et
237 1828 249 1854 a
257 1812 340 1855 libidine
349 1812 389 1857 five
399 1816 480 1859 licentia
489 1821 582 1873 proxime
590 1818 655 1861 abelie

91 1886 224 1939 intelligitur,
239 1893 321 1936 quoque
330 1882 388 1926 simul
397 1885 426 1927 est
435 1885 536 1936 fallacior,
550 1902 576 1930 eo
586 1889 655 1930 minus

91 1958 156 2004 ferri,
180 1953 228 2009 quin
242 1953 283 1993 imo
296 1952 376 1994 sortiter
389 1957 490 2009 repudiari
505 1963 525 1997 et
539 1956 656 2002 aptioribus

91 2027 132 2068 luis
146 2024 204 2067 reddi
217 2034 240 2062 ac
249 2019 324 2061 remitti
334 2022 400 2065 deber.
430 2024 463 2066 Ad
477 2026 516 2067 hos
526 2012 593 2069 autem*
601 2040 657 2081 prae·

92 2105 124 2139 ter
135 2096 188 2143 *alios
202 2092 270 2147 plures
283 2092 371 2143 pertinet
378 2085 470 2147 inprimis
484 2090 656 2138 Pnuznnnun'-

94 2175 175 2209 renus
192 2161 285 2216 quidam,
302 2163 336 2214 qui
350 2165 505 2219 nupernduobus
517 2167 656 2220 speciminibus
