1384 2377
1 182 9 257 11
57 195 183 240 ἷεθῑῐίίῑωαπι
191 194 391 252 absolutissimamque
400 199 511 254 imaginem
521 199 581 242 nobis
591 213 625 242 ex-

6 259 8 274 '
57 267 131 308 hibent.
161 266 231 329 Quare
243 280 342 323 magnum
357 271 428 321 utique
442 277 511 311 manet
524 270 625 312 huiushi-

56 336 129 386 sturiae
143 338 231 391 pretium
246 346 267 379 et
279 337 363 392 insignis
378 341 489 394 quaedam,
504 341 593 382 maxime
601 342 623 384 in

56 404 183 447 institutione
195 407 296 461 populari,
320 407 414 455 utilitas,
434 407 491 451 fivel
503 411 564 463 ipsam
575 412 624 454 resi·

3 495 8 533 'i
56 476 127 529 gionis
139 474 267 523 ¹:Christianae
281 478 407 532 disciplinam
425 478 450 518 ab
464 493 489 518 ea
501 481 560 521 unice
573 494 622 535 pen-

57 546 106 586 dere
122 559 165 586 non
178 548 311 597 concedatur,
331 546 381 601 quin
393 548 461 603 potius
470 560 552 591 omnem
563 551 622 594 histo.

56 615 120 656 ricam
134 612 196 657 fidem
205 617 354 658 adextremum
363 619 446 670 penitus
459 618 559 672 exspirare
568 630 589 663 et
598 622 621 666 in

2 717 4 721 .
55 684 227 740 moralemrsidem
235 684 316 732 tranfire
326 687 401 729 debere
410 687 515 730 iudicetur
521 702 544 730 ac
553 691 622 736 desen·

3 752 6 799 }
57 753 122 796 datur.

115 894 150 937 Sic
159 895 221 949 igitur
235 914 265 927 -
280 903 303 938 ut
312 897 381 939 iamin
390 897 444 939 viam
454 890 590 945 revertamur,
610 911 622 937 a

55 975 96 1017 qna
110 966 213 1021 paululum
226 978 264 1006 nos
276 967 387 1009 abduxerat
399 968 535 1013 diversorum,
555 968 581 1008 de
592 966 621 1007 hi·

55 1034 127 1076 storiae
141 1034 225 1086 biblicae
238 1036 304 1088 pretio
318 1043 338 1078 et
348 1049 394 1076 cum
403 1036 510 1089 religionis
520 1036 621 1091 disciplina

1 1120 6 1163 j
52 1106 274 1151 nexae-<iudiciorum
283 1105 376 1158 cognitio
399 1128 428 1135 -
448 1107 532 1148 turriam
542 1116 622 1158 quoque

1 1166 3 1208 s
56 1173 145 1221 causam,
161 1187 224 1229 quare
235 1174 334 1216 naam
349 1176 374 1215 de
384 1175 456 1217 morali
465 1177 565 1217 sacrarum
577 1174 622 1215 lite·

1 1268 3 1273 ν
55 1256 123 1285 rarum
145 1245 312 1298 interpretatione
335 1246 450 1300 praeceptis
468 1244 561 1285 adsentiri
580 1257 622 1284 non

1 1365 2 1368 Ἴ
56 1312 145 1368 possem,
164 1312 209 1355 satis
224 1313 393 1356 mihideclarali'e
406 1313 476 1355 videor
489 1319 550 1366 atque
559 1312 621 1367 expli-

1 1402 2 1407 *
56 1382 128 1438 cuisse5
144 1390 165 1425 et
184 1383 254 1436 sponte
272 1384 312 1424 iam
335 1395 431 1436 apparere
450 1382 552 1429 existimo,
572 1381 622 1424 nihil
664 1392 682 1411 ²

0 1444 1 1447 1
56 1452 234 1507 omnino-publico
243 1451 350 1508 religionis
359 1451 447 1499 doctori,
462 1452 621 1505 quidisciplinae

55 1523 101 1566 suae
109 1524 202 1565 alumnos
210 1525 236 1570 ad
245 1524 346 1565 veriorem
355 1521 395 1562 Dei
405 1521 483 1563 cultum
492 1523 578 1563 educare
588 1534 622 1562 ve·

54 1593 92 1646 lit,
106 1593 128 1634 in
136 1592 261 1634 institutione
270 1591 302 1632 sua
307 1619 313 1639 ,
328 1591 369 1633 sive
378 1591 470 1632 universe
478 1604 502 1633 ea
513 1588 621 1644 spedtetur,

55 1664 98 1707 five
114 1662 175 1715 etiam
188 1661 311 1703 concionum
320 1662 419 1703 sacrarum
432 1659 558 1715 potissimum
568 1660 620 1702 ratio

29 1766 33 1773 ,
55 1733 160 1781 habeatur,
175 1744 228 1786 opus
237 1729 276 1773 effe
285 1730 402 1773 Koartaaor
411 1732 583 1785 interpretationis
591 1743 621 1771 ar·

55 1803 135 1850 tiliois,
153 1814 201 1843 cum
218 1801 256 1843 alia
271 1811 340 1853 eaque
350 1799 467 1854 expeditior
478 1806 500 1841 et
513 1800 580 1841 minus
591 1799 621 1841 lu·

53 1873 110 1916 -brica
129 1872 160 1913 via
168 1872 241 1925 :squae
259 1871 341 1924 quidem
364 1869 460 1924 videtur)
480 1867 619 1919 adjeundem:

53 1954 116 1997 quem
121 1941 243 1987 Kauams
254 1940 290 1981 fibi
300 1939 432 1996 proposuerit,
441 1939 503 1980 finem
512 1939 620 1991 adsequen-

53 2015 117 2064 dum,
132 2017 167 2067 pat
159 1998 206 2056 teat
235 2008 309 2051 Adhuc
322 2010 391 2054 tamen
403 2021 455 2051 unus
469 2009 551 2062 quidam
559 2007 620 2050 restat

54 2084 172 2138 scrupulus,
184 2080 234 2134 qui,
248 2077 285 2121 nisi
293 2078 381 2121 solvatur·
384 2106 390 2126 ‚
399 2077 465 2119 huius
475 2089 533 2118 meae
542 2076 620 2118 senten·

53 2153 102 2195 tiae
109 2152 215 2196 veritatem
227 2148 308 2191 dubiam
317 2149 402 2191 reddere
411 2149 548 2199 incertamque
559 2131 620 2187 facile

50 2220 117 2280 possit
121 2220 191 2266 uiden
218 2217 283 2272 ,¹„Qui
292 2220 391 2261 enim—
363 2216 433 2259 —ita
444 2217 488 2273 iere
498 2215 574 2258 dixeris
588 2237 618 2245 -
