1384 2377
313 52 456 96 ..23-

102 164 142 204 veri
153 161 240 212 aetatu}
251 163 306 205 ‘boni
323 170 343 206 et
353 165 410 211 milit
433 162 477 204 iusti
487 164 584 219 pravique
601 154 666 207 discri-

100 246 147 274 men
158 233 261 275 arationis
272 234 346 273 indicio
355 236 451 285 pendeat,
466 245 512 273 curn
521 245 588 287 neque
596 234 666 289 burun-

100 316 139 344 nae
149 310 232 348 naturae
242 303 360 354 dignitatem
371 301 424 342 tueri
433 307 454 342 et
464 303 584 356 provehere,
599 310 665 356 neque

101 374 127 413 ad
142 364 241 412 maiorem
256 384 301 411 cum
318 362 395 411 summo
413 372 496 412 nurnine
516 369 665 414 finiilitu'dr'neni

100 442 225 482 contendere
234 440 335 500 poffirnns⁵
346 439 380 480 nisi
390 432 482 488 diligenti
493 443 576 482 rationis
586 434 663 483 nostrae

95 512 179 552 'cultura
195 516 216 549 et
232 508 307 550 aiiiduo
320 510 364 552 eius
374 510 497 562 'praeceptis'
506 509 613 552 obediendi
625 509 663 551 stu·

100 581 146 629 dio}
163 579 197 632 qui
213 580 293 620 tandem
309 578 378 634 purior
388 592 411 618 ac
421 578 488 618 verior
500 577 579 632 religio
587 578 663 626 existat,

99 661 160 702 quam
177 646 191 688 si
204 652 247 688 tota
260 649 285 688 ad
298 649 356 689 sanae
368 649 452 689 rationis
468 646 541 691 dinan
554 644 664 703 compona-

99 717 149 759 tur?
164 717 197 771 qui
211 717 314 758 sublimior
327 719 359 757 dei
373 717 439 757 cuitus
444 746 450 765 ‚
466 729 525 775 quam
535 730 561 757 ex
570 724 664 758 accurata

98 787 170 842 legum
183 787 261 826 suarum
267 815 278 833 ,,
293 789 342 839 quas
354 799 396 826 nnn
405 785 478 828 tabulis
487 786 571 839 publicis
580 784 613 827 scd
622 788 665 828 uni·-

99 858 224 910 uscuiusque
232 856 295 899 menti
304 866 365 907 arque
374 857 443 896 animo
452 853 560 906 impressit,
579 863 600 896 et
608 855 664 896 inve.

97 926 206 979 fugatione
216 930 237 964 et
251 924 384 969 reverentia?
408 923 488 966 Eximio
501 924 563 966 huius
575 926 663 978 purioris

64 983 70 987 ¹
98 994 205 1046 refigionis
222 994 310 1046 dignitas
324 993 344 1032 in
359 1005 385 1032 eo
400 992 494 1046 inprimis
512 996 617 1042 cernitur,
639 1000 663 1036 ut

99 1065 166 1106 omnis
179 1077 238 1104 caeca
247 1063 310 1110 fides,
319 1068 321 1070 “
329 1061 395 1101 omnis
405 1061 465 1101 alieni
479 1061 554 1102 arbitrii
564 1071 584 1105 et
593 1077 663 1106 exem·

97 1134 126 1188 pii
136 1131 255 1181 auctoritas,
276 1131 343 1180 omnis
359 1130 380 1170 in
395 1129 475 1182 agendo
484 1130 608 1173 stimulorum
620 1146 662 1187 pra·

96 1202 155 1249 vitas,
170 1201 237 1242 omnis
252 1198 360 1242 obscuritas
369 1205 389 1243 et
397 1194 530 1255 repugnantia
540 1201 560 1242 io
570 1199 617 1255 ipsis
629 1215 661 1243 re.

95 1267 180 1324 ligionis
190 1268 268 1322 placitis
277 1275 298 1309 et
306 1268 410 1315 institutis,
429 1268 496 1310 omnis
505 1270 592 1324 denique
599 1270 661 1313 sacra*-

96 1353 142 1381 rum
155 1340 276 1391 ineptiarum
290 1340 320 1380 vis
333 1338 468 1385 excludatur3
491 1347 561 1383 contra
575 1341 625 1382 nihii
639 1342 661 1382 in

95 1418 250 1464 praeceptorum
260 1409 386 1458 divinornm,
400 1407 447 1449 fidei
457 1409 586 1462 ingenuitate
596 1406 660 1463 agno·

94 1480 214 1522 scendorurn
224 1485 245 1518 et
252 1479 305 1522 vitae
315 1477 413 1530 probitate
422 1479 609 1530 exprimendarum,
621 1467 660 1520 nu·
685 1506 687 1509 -

96 1562 154 1590 mero
164 1549 271 1598 habeatur,
285 1546 321 1588 nisi
329 1550 385 1600 quod
399 1561 469 1589 verum
479 1547 513 1595 fit,
532 1547 660 1603 etinteiliga·

93 1624 138 1665 tur,
156 1624 177 1658 et
189 1618 275 1658 rationis
289 1617 364 1662 iudicio
374 1618 477 1671 probetur.
489 1629 490 1632 ¹
506 1615 534 1658 Ut
542 1617 604 1670 igitur
613 1630 660 1659 vera

95 1687 168 1740 religio
182 1686 266 1728 rationis
280 1682 377 1738 practicae
392 1685 524 1728 fundamento
537 1687 597 1728 unice
608 1688 659 1729 inni·-

94 1759 154 1805 titur,
170 1763 190 1799 et
203 1767 269 1808 neque
282 1756 354 1798 mentis
371 1756 450 1798 nostrae
463 1763 544 1811 captum
560 1757 659 1811 superare,

93 1823 161 1880 neque
170 1827 229 1867 certis
238 1826 295 1866 sanae
304 1824 387 1866 rationis
397 1825 510 1880 praeceptis
519 1828 659 1869 contradicere
684 1848 689 1852 ·

95 1898 166 1948 debet:
182 1897 209 1936 ita
219 1894 276 1936 facile
286 1894 346 1936 etiam
354 1903 420 1948 patet,
439 1896 533 1949 quamvis
543 1897 657 1952 supremum

93 1969 115 2011 in
128 1966 184 2008 cani»
202 1966 305 2019 religionis
317 1964 419 2018 judicium
429 1965 513 2007 rationis
527 1963 626 2020 practicae
637 1972 659 2008 et

93 2036 182 2079 summae
192 2036 245 2089 tegis
256 2034 339 2077 moralis
350 2029 443 2077 tribunali
456 2038 578 2078 concedatur
583 2050 606 2077 ac
615 2036 659 2077 vin·

94 2108 184 2159 dicetur,
202 2099 319 2161 rin-utiquam
336 2098 658 2163 tamenrevelataereiigionisfi·
